<?xml version="1.0"?>
<marc:records xmlns:marc="http://www.loc.gov/MARC21/slim" xmlns:xsi="http://www.w3.org/2001/XMLSchema-instance" xsi:schemaLocation="http://www.loc.gov/MARC21/slim http://www.loc.gov/standards/marcxml/schema/MARC21slim.xsd">
  <marc:record>
    <marc:leader>05339ntm a2200541Ia 4500</marc:leader>
    <marc:controlfield tag="001">9977524316003681</marc:controlfield>
    <marc:controlfield tag="005">20190730142507.0</marc:controlfield>
    <marc:controlfield tag="008">190521q17001720fr            000 0 heb d</marc:controlfield>
    <marc:datafield ind1=" " ind2=" " tag="035">
  <marc:subfield code="a">(OCoLC)1101990671</marc:subfield>
</marc:datafield>
    <marc:datafield ind1=" " ind2=" " tag="035">
  <marc:subfield code="a">(OCoLC)on1101990671</marc:subfield>
</marc:datafield>
    <marc:datafield ind1=" " ind2=" " tag="040">
  <marc:subfield code="a">PAU</marc:subfield>
  <marc:subfield code="b">eng</marc:subfield>
  <marc:subfield code="c">PAU</marc:subfield>
  <marc:subfield code="e">amremm</marc:subfield>
  <marc:subfield code="d">PAU</marc:subfield>
</marc:datafield>
    <marc:datafield ind1=" " ind2="9" tag="099">
  <marc:subfield code="a">CAJS Rar Ms 497</marc:subfield>
</marc:datafield>
    <marc:datafield ind1="0" ind2=" " tag="130">
  <marc:subfield code="a">Mah&#x323;zor (Carpentras)</marc:subfield>
</marc:datafield>
    <marc:datafield ind1="1" ind2="0" tag="245">
  <marc:subfield code="6">880-01</marc:subfield>
  <marc:subfield code="a">[Mah&#x323;zor minhag K&#x323;arpent&#x323;rats le-Rosh ha-Shanah].</marc:subfield>
</marc:datafield>
    <marc:datafield ind1=" " ind2=" " tag="260">
  <marc:subfield code="6">880-02</marc:subfield>
  <marc:subfield code="a">[Carpentras?],</marc:subfield>
  <marc:subfield code="c">1700?-1720?</marc:subfield>
</marc:datafield>
    <marc:datafield ind1=" " ind2=" " tag="300">
  <marc:subfield code="a">78 leaves :</marc:subfield>
  <marc:subfield code="b">paper ;</marc:subfield>
  <marc:subfield code="c">137 x 97 (100 x 65) mm.</marc:subfield>
</marc:datafield>
    <marc:datafield ind1=" " ind2=" " tag="500">
  <marc:subfield code="a">Ms. codex.</marc:subfield>
</marc:datafield>
    <marc:datafield ind1=" " ind2=" " tag="500">
  <marc:subfield code="a">Title supplied by cataloger.</marc:subfield>
</marc:datafield>
    <marc:datafield ind1=" " ind2=" " tag="500">
  <marc:subfield code="a">Collation: Paper, 78; 1&#xB9;&#x2070;(-1,-2) 2&#xB9;&#x2070; 3&#xB9;&#xB2; (-12) 4&#xB9;&#x2070; 5&#x2078; 6&#x2074; 7&#xB9;&#x2074; (-14) 8&#xB9;&#x2074;; modern foliation in pencil, lower left recto, 1-78. Quire 8 signed 8 in ink, upper right recto.</marc:subfield>
</marc:datafield>
    <marc:datafield ind1=" " ind2=" " tag="500">
  <marc:subfield code="a">Layout: 16-18 unruled lines; for poetic works, such as pizmonim, zulot, and bak&#x323;ashot, two columns are used with each refrain written in the center of the column, and the same word in bold script at the beginning of each verse; octavo format.</marc:subfield>
</marc:datafield>
    <marc:datafield ind1=" " ind2=" " tag="500">
  <marc:subfield code="a">Script:  Written in a Provenc&#x327;al semi-cursive script, all vocalized, with headers written in Sefardic cursive likely in the hand of &#x2BB;Imanu&#x2BC;el ben Gad de Milhaud. This scribe was prolific in creation of manuscripts for prayers in the customs of French communities, and he was active in the late 17th and early 18th centuries.</marc:subfield>
</marc:datafield>
    <marc:datafield ind1=" " ind2=" " tag="500">
  <marc:subfield code="a">Origin:  Written in Provence, perhaps in Carpentras, at about 1700-1720, likely in the hand of of &#x2BB;Imanu&#x2BC;el ben Gad de Milhaud.</marc:subfield>
</marc:datafield>
    <marc:datafield ind1=" " ind2=" " tag="500">
  <marc:subfield code="a">Disbound; wear from page-turning and exposure to the elements on many parts of the manuscript.</marc:subfield>
</marc:datafield>
    <marc:datafield ind1="0" ind2=" " tag="505">
  <marc:subfield code="6">880-03</marc:subfield>
  <marc:subfield code="a">1. f. 1r-7v: [Lel Rosh ha-Shanah] -- 2. f. 8r-47v: le-Shah&#x323;arit yom rishon shel Rosh ha-Shanah -- 3. f. 48r-53v: [Musaf] -- 4. f. 54r-57v: Tefilat Minh&#x323;ah -- 5. f. 58v-78v:  le-Shah&#x323;arit yom sheni.</marc:subfield>
</marc:datafield>
    <marc:datafield ind1=" " ind2=" " tag="506">
  <marc:subfield code="a">Access to this item is subject to staff review.</marc:subfield>
</marc:datafield>
    <marc:datafield ind1=" " ind2=" " tag="524">
  <marc:subfield code="a">UPenn CAJS Rar Ms 497.</marc:subfield>
</marc:datafield>
    <marc:datafield ind1=" " ind2=" " tag="546">
  <marc:subfield code="a">Hebrew.</marc:subfield>
</marc:datafield>
    <marc:datafield ind1="1" ind2=" " tag="561">
  <marc:subfield code="a">Presented to The Penn Libraries in 2018 by Joseph and Susan Moldovan (C'76).</marc:subfield>
</marc:datafield>
    <marc:datafield ind1=" " ind2="0" tag="650">
  <marc:subfield code="a">Jews</marc:subfield>
  <marc:subfield code="z">France</marc:subfield>
  <marc:subfield code="z">Carpentras</marc:subfield>
  <marc:subfield code="x">History</marc:subfield>
  <marc:subfield code="v">Sources.</marc:subfield>
</marc:datafield>
    <marc:datafield ind1=" " ind2="0" tag="650">
  <marc:subfield code="6">880-04</marc:subfield>
  <marc:subfield code="a">Mahzorim.</marc:subfield>
</marc:datafield>
    <marc:datafield ind1=" " ind2="7" tag="655">
  <marc:subfield code="a">Codices (bound manuscripts)</marc:subfield>
  <marc:subfield code="2">aat</marc:subfield>
</marc:datafield>
    <marc:datafield ind1=" " ind2="7" tag="655">
  <marc:subfield code="a">Manuscripts, Hebrew</marc:subfield>
  <marc:subfield code="y">18th century.</marc:subfield>
  <marc:subfield code="2">local</marc:subfield>
</marc:datafield>
    <marc:datafield ind1=" " ind2="0" tag="655">
  <marc:subfield code="a">Manuscripts, European.</marc:subfield>
</marc:datafield>
    <marc:datafield ind1="1" ind2=" " tag="700">
  <marc:subfield code="6">880-05</marc:subfield>
  <marc:subfield code="a">Milhaud, &#x2BB;Imanu&#x2BC;el ben Gad de,</marc:subfield>
  <marc:subfield code="e">scribe.</marc:subfield>
</marc:datafield>
    <marc:datafield ind1="1" ind2=" " tag="700">
  <marc:subfield code="a">Moldovan, Joseph,</marc:subfield>
  <marc:subfield code="e">donor.</marc:subfield>
</marc:datafield>
    <marc:datafield ind1="1" ind2=" " tag="700">
  <marc:subfield code="a">Moldovan, Susan,</marc:subfield>
  <marc:subfield code="e">donor.</marc:subfield>
</marc:datafield>
    <marc:datafield ind1="2" ind2=" " tag="710">
  <marc:subfield code="a">Moldovan Family Judaica Collection (University of Pennsylvania)</marc:subfield>
  <marc:subfield code="5">PU</marc:subfield>
</marc:datafield>
    <marc:datafield ind1="0" ind2="0" tag="773">
  <marc:subfield code="t">Moldovan Family Judaica Collection (University of Pennsylvania)</marc:subfield>
</marc:datafield>
    <marc:datafield ind1=" " ind2=" " tag="852">
  <marc:subfield code="b">Library at the Herbert D. Katz Center for Advanced Judaic Studies</marc:subfield>
  <marc:subfield code="a">University of Pennsylvania</marc:subfield>
  <marc:subfield code="e">420 Walnut Street, Philadelphia, Pennsylvania 19106-3703.</marc:subfield>
  <marc:subfield code="j">CAJS Rar Ms 497</marc:subfield>
</marc:datafield>
    <marc:datafield ind1="1" ind2="0" tag="880">
  <marc:subfield code="6">245-01//r</marc:subfield>
  <marc:subfield code="a">[&#x5DE;&#x5D7;&#x5D6;&#x5D5;&#x5E8; &#x5DE;&#x5E0;&#x5D4;&#x5D2; &#x5E7;&#x5D0;&#x5E8;&#x5E4;&#x5D9;&#x5E0;&#x5D8;&#x5E8;&#x5E5; &#x5DC;&#x5E8;&#x5D0;&#x5E9; &#x5D4;&#x5E9;&#x5E0;&#x5D4;].</marc:subfield>
</marc:datafield>
    <marc:datafield ind1=" " ind2=" " tag="880">
  <marc:subfield code="6">260-02//r</marc:subfield>
  <marc:subfield code="a">[&#x5E7;&#x5E8;&#x5E4;&#x5D9;&#x5E0;&#x5D8;&#x5E8;&#x5E1;?],</marc:subfield>
  <marc:subfield code="c">1700?-1720?</marc:subfield>
</marc:datafield>
    <marc:datafield ind1="0" ind2=" " tag="880">
  <marc:subfield code="6">505-03//r</marc:subfield>
  <marc:subfield code="a">1. f. 1r-7v: [&#x5DC;&#x5D9;&#x5DC; &#x5E8;&#x5D0;&#x5E9; &#x5D4;&#x5E9;&#x5E0;&#x5D4;] -- 2. f. 8r-47v: &#x5DC;&#x5E9;&#x5D7;&#x5E8;&#x5D9;&#x5EA; &#x5D9;&#x5D5;&#x5DD; &#x5E8;&#x5D0;&#x5E9;&#x5D5;&#x5DF; &#x5E9;&#x5DC; &#x5E8;&#x5D0;&#x5E9; &#x5D4;&#x5E9;&#x5E0;&#x5D4; -- 3. f. 48r-53v: [&#x5DE;&#x5D5;&#x5E1;&#x5E3;] -- 4. f. 54r-57v: &#x5EA;&#x5E4;&#x5D9;&#x5DC;&#x5EA; &#x5DE;&#x5E0;&#x5D7;&#x5D4; -- 5. f. 58v-78v:  &#x5DC;&#x5E9;&#x5D7;&#x5E8;&#x5D9;&#x5EA; &#x5D9;&#x5D5;&#x5DD; &#x5E9;&#x5E0;&#x5D9;.</marc:subfield>
</marc:datafield>
    <marc:datafield ind1=" " ind2="0" tag="880">
  <marc:subfield code="6">650-04//r</marc:subfield>
  <marc:subfield code="a">&#x5DE;&#x5D7;&#x5D6;&#x5D5;&#x5E8;</marc:subfield>
</marc:datafield>
    <marc:datafield ind1="1" ind2=" " tag="880">
  <marc:subfield code="6">700-05//r</marc:subfield>
  <marc:subfield code="a">&#x5D3;&#x5DE;&#x5D9;&#x5DC;&#x5D9;&#x5D9;&#x5D0;&#x5D1;, &#x5E2;&#x5DE;&#x5E0;&#x5D5;&#x5D0;&#x5DC; &#x5D1;&#x5DF; &#x5D2;&#x5D3;,</marc:subfield>
  <marc:subfield code="e">&#x5E1;&#x5D5;&#x5E4;&#x5E8;.</marc:subfield>
</marc:datafield>
    <marc:datafield ind1="0" ind2=" " tag="880">
  <marc:subfield code="6">130-00//r</marc:subfield>
  <marc:subfield code="a">&#x5DE;&#x5D7;&#x5D6;&#x5D5;&#x5E8; (&#x5E7;&#x5E8;&#x5E4;&#x5D9;&#x5E0;&#x5D8;&#x5E8;&#x5E1;)</marc:subfield>
</marc:datafield>
    <marc:datafield ind1=" " ind2=" " tag="880">
  <marc:subfield code="6">520-00//r</marc:subfield>
  <marc:subfield code="a">This is a small manuscript of Rosh ha-Shanah prayers in the rite of the community of Carpentras, today a commune in the department of Vaucluse in the Provence-Alpes-Co&#x302;te d'Azur region of France. It begins with piyutim for the eve of Rosh ha-Shanah, followed by the opening prayers for Shah&#x323;arit, the Shah&#x323;arit portion for the first day of Rosh ha-Shanah, Musaf, the Minh&#x323;ah prayers, and the Shah&#x323;arit prayers for the second day of Rosh ha-Shanah. Some of the captions for the Selih&#x323;ot include Pizmon, Magen, Meshulash, Selih&#x323;ah, and Al-khrug (&#x5D0;&#x5DC; &#x5DB;&#x5E8;&#x5D5;&#x5D2;); perhaps this is related to the Arabic al-khuru&#x304;j. This manuscript is lacking the piyut for the opening to Ma'ariv on the first evening of Rosh ha-Shanah called Ah&#x323;ot k&#x323;et&#x323;anah, of which the final two lines remain (f. 1r); it is also missing material from the end of the Shaharit for the second day.</marc:subfield>
</marc:datafield>
    <marc:datafield ind1=" " ind2=" " tag="948">
  <marc:subfield code="h">HELD BY PAU - 0 OTHER HOLDINGS</marc:subfield>
</marc:datafield>
    <marc:datafield ind1=" " ind2=" " tag="994">
  <marc:subfield code="a">Z0</marc:subfield>
  <marc:subfield code="b">PAU</marc:subfield>
</marc:datafield>
    <marc:datafield ind1=" " ind2=" " tag="996">
  <marc:subfield code="a">hinge-right</marc:subfield>
</marc:datafield>
    <marc:holdings>
      <marc:holding>
        <marc:holding_id>22588223100003681</marc:holding_id>
        <marc:call_number>CAJS Rar Ms 497</marc:call_number>
        <marc:library>KatzLib</marc:library>
        <marc:location>cjsrarms</marc:location>
      </marc:holding>
    </marc:holdings>
  </marc:record>
</marc:records>
